@INPROCEEDINGS{RIR_Data_Aug,
author={N. J. {Bryan}},
booktitle={ICASSP 2020 - 2020 IEEE International Conference on Acoustics, Speech and Signal Processing (ICASSP)},
title={Impulse Response Data Augmentation and Deep Neural Networks for Blind Room Acoustic Parameter Estimation},
year={2020},
volume={},
number={},
pages={1-5},
doi={10.1109/ICASSP40776.2020.9052970}
}

@INPROCEEDINGS{Speech_Rec,
author={T. {Ko} and V. {Peddinti} and D. {Povey} and M. L. {Seltzer} and S. {Khudanpur}},
booktitle={2017 IEEE International Conference on Acoustics, Speech and Signal Processing (ICASSP)},
title={A study on data augmentation of reverberant speech for robust speech recognition},
year={2017},
volume={},
number={},
pages={5220-5224},
doi={10.1109/ICASSP.2017.7953152}}

@inproceedings{ITA_Toolbox,
author = {Bomhardt, Ramona and Berzborn, Marco and Klein, Johannes and Richter, Jan-Gerrit and Vorlaender, Michael},
year = {2017},
month = {03},
pages = {},
title = {The ITA-Toolbox: An Open Source MATLAB Toolbox for Acoustic Measurements and Signal Processing}
}

@inproceedings{AIR_Database,
author = {Jeub, Marco and Schäfer, Magnus and Vary, Peter},
title = {A Binaural Room Impulse Response Database for the Evaluation of Dereverberation Algorithms},
year = {2009},
pages = {1-4},
publisher = {IEEE},
address = {Santorini, Greece},
booktitle = {Proceedings of International Conference on Digital Signal Processing (DSP)},
organization = {IEEE, IET, EURASIP},
bibkey = {jeub09a},
isbn = {978-1-42443-298-1},
language = {English},
}

@misc{noiseLib,
author = {Snyder, David and Chen, Guoguo and Povey, Daniel},
year = {2015},
eprint = {1510.08484},
url  = {http://www.openslr.org/17/},
note = {http://www.openslr.org/17/, visitado última vez em 07/06/2021},
title = {MUSAN: A Music, Speech, and Noise Corpus}
}

@ARTICLE{FAR-FIELD_ASR,
author={Haeb-Umbach, Reinhold and Heymann, Jahn and Drude, Lukas and Watanabe, Shinji and Delcroix, Marc and Nakatani, Tomohiro},
journal={Proceedings of the IEEE},
title={Far-Field Automatic Speech Recognition},
year={2021},  
volume={109},  
number={2},  
pages={124-148},  
doi={10.1109/JPROC.2020.3018668}}

@INPROCEEDINGS{WER_Reverb_Speech,
author={Gamper, Hannes and Emmanouilidou, Dimitra and Braun, Sebastian and Tashev, Ivan J.},
booktitle={ICASSP 2020 - 2020 IEEE International Conference on Acoustics, Speech and Signal Processing (ICASSP)},
title={Predicting Word Error Rate for Reverberant Speech},
year={2020},
pages={491-495},
doi={10.1109/ICASSP40776.2020.9053025}}

@INPROCEEDINGS{ML_Speech_Rec,
author={Mokgonyane, Tumisho Billson and Sefara, Tshephisho Joseph and Modipa, Thipe Isaiah and Mogale, Mercy Mosibudi and Manamela, Madimetja Jonas and Manamela, Phuti John},
booktitle={2019 Southern African Universities Power Engineering Conference/Robotics and Mechatronics/Pattern Recognition Association of South Africa (SAUPEC/RobMech/PRASA)},
title={Automatic Speaker Recognition System based on Machine Learning Algorithms},
year={2019},
pages={141-146},
doi={10.1109/RoboMech.2019.8704837}}

@inproceedings{Estimation_RT_DRR,
author = {Xiong, Feifei and Goetze, Stefan and Meyer, Bernd},
booktitle={ACE Challenge Workshop, satellite event of IEEE-WASPAA},
location = {New Paltz, New York, U.S.A.},
year = {2015},
title = {Joint Estimation of Reverberation Time and Direct-To-Reverberation Ratio from Speech Using Auditory-Inspired Features}
}

@ARTICLE{Fast_AIR,
author={Krishnan, Lakshmi and Betlehem, Terence and Teal, Paul D.},
journal={IEEE/ACM Transactions on Audio, Speech, and Language Processing},
title={Fast Algorithms for Acoustic Impulse Response Shaping},
year={2019},
volume={27},
number={2},
pages={392-403},
doi={10.1109/TASLP.2018.2880317}
}

@ARTICLE{Regu_Speech_Dereverb,
author={Kodrasi, Ina and Goetze, Stefan and Doclo, Simon},
journal={IEEE Transactions on Audio, Speech, and Language Processing}, 
title={Regularization for Partial Multichannel Equalization for Speech Dereverberation}, 
year={2013},
volume={21},
number={9},
pages={1879-1890},
doi={10.1109/TASL.2013.2260743}}

@article{Speech_intellig_hear,
author = {Beutelmann,Rainer and Brand,Thomas},
title = {Prediction of speech intelligibility in spatial noise and reverberation for normal-hearing and hearing-impaired listeners},
journal = {The Journal of the Acoustical Society of America},
volume = {120},
number = {1},
pages = {331-342},
year = {2006},
doi = {10.1121/1.2202888},
}
